http://www.bnl.gov/esh/shsd/Programs/Program_Area_Machine_Shop_Safety.asp
@manual{BNL:safety,
		  title = "Machine Shop Safety",
		  author = "{Brookhaven National Laboratory}",
		  year = "2010"
}

http://www.ab.ust.hk/hseo/esst/shopfloo.pdf
@manual{HKUST:safety,
		  title = "Machinery Guarding, Shop Floor Safety and Robotics Safety",
		  author = "{Hong Kong University of Science and Technology}",
		  year = "2010"
}

http://science.slashdot.org/story/04/06/30/131241/New-Safety-Feature-Detects-Flesh
@misc{sawstop,
		  title = "SawStop",
		  author = "{SawStop}",
		  year = "2004"
}

https://my.wpi.edu/webapps/blackboard/content/listContent.jsp?course_id=_16888_1&content_id=_781826_1
@manual{WPI:safety,
		  title = "Manufacturing Laboratories Safety \& Policies",
		  author = "{WPI}",
		  year = "2010"
}

http://www.fanucrobotics.com/products/robots/AtoZ.aspx
@misc{fanuc,
		  title = "FANUC Robotics",
		  author = "{FANUC}",
		  year = "2011"
}

http://code.google.com/p/wpi-rbe595-2011-machineshop/
@misc{google-code,
		  title = "Code repository",
		  author = "Aaron Fineman",
		  note = "http://code.google.com/p/wpi-rbe595-2011-machineshop/"
}

http://hands.slashingedge.co.uk/
@misc{haar-hands,
		  title = "I Need A Hand",
		  author = "Owain Jones",
		  note = "http://hands.slashingedge.co.uk/"
}

